@misc{1,
    author       = "{W. Dai}",
    year         = 1998,
    title        = "b-money",
    howpublished = "\url{http://www.weidai.com/bmoney.txt}",
}
    
@INPROCEEDINGS{2,
    author = {H. Massias and X. Serret Avila and J.-J. Quisquater},
    title = {Design Of A Secure Timestamping Service With Minimal Trust Requirement},
    booktitle = {the 20th Symposium on Information Theory in the Benelux},
    year = {1999}
}

@ARTICLE{3,
    author = {Stuart Haber and W. Scott Stornetta},
    title = {How to Time-stamp a Digital Document},
    journal = {Journal of Cryptology},
    year = {1991},
    volume = {3},
    pages = {99--111}
}

@INPROCEEDINGS{4,
    author = {Dave Bayer and Stuart Haber and W. Scott Stornetta},
    title = {Improving the Efficiency and Reliability of Digital Time-Stamping},
    booktitle = {Sequences II: Methods in Communication, Security and Computer Science},
    year = {1993},
    pages = {329--334},
    publisher = {Springer-Verlag}
}

@INPROCEEDINGS{5,
    author = {Stuart Haber and W. Scott Stornetta},
    title = {Secure Names for Bit-Strings},
    booktitle = {in ACM Conference on Computer and Communications Security},
    year = {1997},
    pages = {28--35},
    publisher = {ACM Press}
}

@misc{6,
    author = {Adam Back},
    title = {Hashcash - A Denial of Service Counter-Measure.},
    year = {2002},
    howpublished = "\url{http://www.hashcash.org/papers/hashcash.pdf}"
}

@INPROCEEDINGS{7,
    author = {R.C. Merkle},
    title = {Protocols for public key cryptosystems. Proc. 1980 Symposium on Security and Privacy},
    year = {1980},
    pages = {122--133},
    publisher = {IEEE Computer Society}
}

@BOOK{8,
    author = {W. Feller},
    title = {Introduction to Probability Theory and its Applications},
    year = {1957}
}